<record xmlns:xsi="http://www.w3.org/2001/XMLSchema-instance" xmlns="http://www.loc.gov/MARC21/slim" xsi:schemaLocation="http://www.loc.gov/MARC21/slim http://www.loc.gov/standards/marcxml/schema/MARC21slim.xsd">

  <leader>00485nam a2200157Ia 4500</leader>
  <datafield ind2=" " ind1=" " tag="999">
    <subfield code="c">1975</subfield>
    <subfield code="d">1975</subfield>
  </datafield>
  <controlfield tag="008">180703b1998    ag ||||| |||| 00| | spa d</controlfield>
  <datafield tag="090" ind1=" " ind2=" ">
    <subfield code="a">06.05.03</subfield>
    <subfield code="b"> 48</subfield>
  </datafield>
  <datafield tag="100" ind1=" " ind2=" ">
    <subfield code="a">Eisner, Elliot W.</subfield>
    <subfield code="9">318</subfield>
  </datafield>
  <datafield tag="245" ind2="0" ind1="1">
    <subfield code="a">Cognición y curriculum : una visión nueva</subfield>
    <subfield code="c"> Elliot W. Eisner</subfield>
  </datafield>
  <datafield tag="260" ind2=" " ind1=" ">
    <subfield code="a">Buenos Aires : </subfield>
    <subfield code="b">Amorrortu editores, </subfield>
    <subfield code="c">1998</subfield>
  </datafield>
  <datafield tag="300" ind2=" " ind1=" ">
    <subfield code="a">135 páginas</subfield>
  </datafield>
  <datafield ind2="4" ind1="1" tag="650">
    <subfield code="a">TECNOLOGÍA EDUCATIVA </subfield>
    <subfield code="9">483</subfield>
  </datafield>
  <datafield tag="650" ind1="1" ind2="4">
    <subfield code="a">COGNICIÓN</subfield>
    <subfield code="9">41</subfield>
  </datafield>
  <datafield ind1="1" ind2="4" tag="650">
    <subfield code="a">CURRÍCULO (EDUCACIÓN)</subfield>
    <subfield code="9">342</subfield>
  </datafield>
  <datafield ind1=" " ind2=" " tag="942">
    <subfield code="2">z</subfield>
    <subfield code="c">01</subfield>
  </datafield>
</record>